
@inbook{ipcc2023,
	title = {Weather and Climate Extreme Events in a Changing Climate},
	editor = {IPCC, },
	year = {2023},
	date = {2023},
	publisher = {Cambridge University Press},
	pages = {1513--1766},
	doi = {10.1017/9781009157896.013},
	url = {https://www.cambridge.org/core/books/climate-change-2021-the-physical-science-basis/weather-and-climate-extreme-events-in-a-changing-climate/5BCB24C5699F1D42B2DE379BDD4E2119},
	note = {DOI: 10.1017/9781009157896.013},
	address = {Cambridge}
}

@article{konisky2016,
	title = {Extreme weather events and climate change concern},
	author = {Konisky, David M. and Hughes, Llewelyn and Kaylor, Charles H.},
	year = {2016},
	month = {02},
	date = {2016-02-01},
	journal = {Climatic Change},
	pages = {533--547},
	volume = {134},
	number = {4},
	doi = {10.1007/s10584-015-1555-3},
	url = {https://doi.org/10.1007/s10584-015-1555-3},
	langid = {en}
}
