
@inbook{weather2023,
	title = {Weather and Climate Extreme Events in a Changing Climate},
	editor = {IPCC, },
	year = {2023},
	date = {2023},
	publisher = {Cambridge University Press},
	pages = {1513--1766},
	doi = {10.1017/9781009157896.013},
	url = {https://www.cambridge.org/core/books/climate-change-2021-the-physical-science-basis/weather-and-climate-extreme-events-in-a-changing-climate/5BCB24C5699F1D42B2DE379BDD4E2119},
	note = {DOI: 10.1017/9781009157896.013},
	address = {Cambridge}
}
