
@article{sisco2017,
	title = {When do extreme weather events generate attention to climate change?},
	author = {Sisco, Matthew R. and Bosetti, Valentina and Weber, Elke U.},
	year = {2017},
	month = {07},
	date = {2017-07-01},
	journal = {Climatic Change},
	pages = {227--241},
	volume = {143},
	number = {1},
	doi = {10.1007/s10584-017-1984-2},
	url = {https://doi.org/10.1007/s10584-017-1984-2},
	langid = {en}
}
