
@article{giner-sorolla2024,
	title = {Power to Detect What? Considerations for Planning and Evaluating Sample Size},
	author = {Giner-Sorolla, Roger and Montoya, Amanda K. and Reifman, Alan and Carpenter, Tom and Lewis, Neil A. and Aberson, Christopher L. and Bostyn, Dries H. and Conrique, Beverly G. and Ng, Brandon W. and Schoemann, Alexander M. and Soderberg, Courtney},
	year = {2024},
	month = {02},
	date = {2024-02-12},
	journal = {Personality and Social Psychology Review},
	pages = {10888683241228328},
	doi = {10.1177/10888683241228328},
	url = {https://doi.org/10.1177/10888683241228328},
	note = {Publisher: SAGE Publications Inc},
	langid = {en}
}

@article{ogunbode2019,
	title = {Attribution matters: Revisiting the link between extreme weather experience and climate change mitigation responses},
	author = {Ogunbode, Charles A. and Demski, Christina and Capstick, Stuart B. and Sposato, Robert G.},
	year = {2019},
	month = {01},
	date = {2019-01-01},
	journal = {Global Environmental Change},
	pages = {31--39},
	volume = {54},
	doi = {10.1016/j.gloenvcha.2018.11.005},
	url = {https://www.sciencedirect.com/science/article/pii/S0959378018302693}
}

@inbook{willemsen2019,
	title = {(Re)Visiting the Decision Factory: Obswerving Cognition with MouselabWEB},
	author = {Willemsen, Martijn C. and Johnson, Eric J.},
	editor = {Schulte-Mecklenbeck, Michael and Kuehberger, Anton and Johnson, Joseph G.},
	year = {2019},
	date = {2019},
	publisher = {Routledge},
	pages = {76--95},
	edition = {2},
	url = {https://doi.org/10.4324/9781315160559},
	address = {New York}
}

@article{reeck2017,
	title = {Search predicts and changes patience in intertemporal choice},
	author = {Reeck, Crystal and Wall, Daniel and Johnson, Eric J.},
	year = {2017},
	month = {11},
	date = {2017-11-07},
	journal = {Proceedings of the National Academy of Sciences},
	pages = {11890--11895},
	volume = {114},
	number = {45},
	doi = {10.1073/pnas.1707040114},
	url = {https://www.pnas.org/doi/10.1073/pnas.1707040114},
	note = {Publisher: Proceedings of the National Academy of Sciences}
}

@article{salthouse2000,
	title = {Aging and measures of processing speed},
	author = {Salthouse, Timothy A.},
	year = {2000},
	month = {10},
	date = {2000-10-01},
	journal = {Biological Psychology},
	pages = {35--54},
	volume = {54},
	number = {1},
	doi = {10.1016/S0301-0511(00)00052-1},
	url = {https://www.sciencedirect.com/science/article/pii/S0301051100000521}
}

@article{Berger2021,
	title = {Measuring pro-environmental behavior using the carbon emission task},
	author = {Berger, Sebastian and Wyss, Annika M},
	year = {2021},
	date = {2021},
	journal = {Journal of Environmental Psychology},
	pages = {101613},
	volume = {75},
	doi = {https://doi.org/10.1016/j.jenvp.2021.101613},
	url = {https://www.sciencedirect.com/science/article/pii/S0272494421000669},
	note = {Citation Key: Berger2021}
}
